@book{serre1997abelian,
  title={Abelian l-adic representations and elliptic curves},
  author={Serre, Jean-Pierre},
  year={1997},
  publisher={AK Peters/CRC Press}
}

@article{serre1972proprietes,
  title={Propriétés galoisiennes des points d’ordre fini des courbes elliptiques},
  author={Serre, Jean-Pierre},
  journal={Invent. math},
  volume={15},
  pages={259--331},
  year={1972}
}

@article{serre1981quelques,
  title={Quelques applications du théoreme de densité de Chebotarev},
  author={Serre, Jean-Pierre},
  journal={Publications Mathématiques de l'IHÉS},
  volume={54},
  pages={123--201},
  year={1981}
}

@book{silverman2009arithmetic,
  title={The arithmetic of elliptic curves},
  author={Silverman, Joseph H},
  volume={106},
  year={2009},
  publisher={Springer}
}

@book{silverman1994advanced,
  title={Advanced topics in the arithmetic of elliptic curves},
  author={Silverman, Joseph H},
  volume={151},
  year={1994},
  publisher={Springer Science \& Business Media}
}

@book{serre2009lie,
  title={Lie algebras and Lie groups: 1964 lectures given at Harvard University},
  author={Serre, Jean-Pierre},
  year={2009},
  publisher={Springer}
}

@article{waldschmidt1981transcendance,
  title={Transcendance et exponentielles en plusieurs variables},
  author={Waldschmidt, Michel},
  journal={Invent, math},
  volume={63},
  pages={97--127},
  year={1981}
}

@book{milne2017algebraic,
  title={Algebraic groups: the theory of group schemes of finite type over a field},
  author={Milne, James S},
  volume={170},
  year={2017},
  publisher={Cambridge University Press}
}
